<record><leader>00000cas a2200000 a 4500</leader><controlfield tag="001">70667417</controlfield><controlfield tag="007">hd afb---bucu</controlfield><controlfield tag="007">hd bfb---bubu</controlfield><controlfield tag="008">060721d19161985wauwr nea     0    0eng c</controlfield><datafield ind1=" " ind2=" " tag="010"><subfield code="a">  2006252608</subfield></datafield><datafield ind1=" " ind2=" " tag="040"><subfield code="a">WAU</subfield><subfield code="b">eng</subfield><subfield code="c">WAU</subfield><subfield code="d">WAU</subfield><subfield code="d">OCLCQ</subfield><subfield code="d">OCLCF</subfield></datafield><datafield ind1="1" ind2=" " tag="029"><subfield code="a">AU@</subfield><subfield code="b">000040518033</subfield></datafield><datafield ind1=" " ind2=" " tag="042"><subfield code="a">pcc</subfield></datafield><datafield ind1=" " ind2=" " tag="043"><subfield code="a">n-us-wa</subfield></datafield><datafield ind1="0" ind2=" " tag="130"><subfield code="a">Monroe monitor (Monroe, Wash. : 1916)</subfield></datafield><datafield ind1="1" ind2="0" tag="245"><subfield code="a">Monroe monitor</subfield><subfield code="h">[microform].</subfield></datafield><datafield ind1=" " ind2=" " tag="260"><subfield code="a">Monroe, Snohomish County, Wash. :</subfield><subfield code="b">Monroe Monitor,</subfield><subfield code="c">[1916]-</subfield></datafield><datafield ind1=" " ind2=" " tag="300"><subfield code="a">v. :</subfield><subfield code="b">ill.</subfield></datafield><datafield ind1=" " ind2=" " tag="310"><subfield code="a">Weekly</subfield></datafield><datafield ind1="0" ind2=" " tag="362"><subfield code="a">18th year, no. 8 (Feb. 25, 1916)-</subfield></datafield><datafield ind1="1" ind2=" " tag="362"><subfield code="a">Ceased Sept. 25, 1985.</subfield></datafield><datafield ind1=" " ind2=" " tag="515"><subfield code="a">Issue for Jan. 5, 1917 called Jan. 5, 1916 in error.</subfield></datafield><datafield ind1=" " ind2=" " tag="580"><subfield code="a">In 1917 absorbed: Duvall citizen, which continues as a separate section in each issue.</subfield></datafield><datafield ind1=" " ind2=" " tag="580"><subfield code="a">Merged with: Valley news (Sultan, Wash.), to form: Monroe monitor/valley news.</subfield></datafield><datafield ind1=" " ind2=" " tag="588"><subfield code="a">Latest issue consulted: 62nd year, no. 52 (Jan. 25, 1962).</subfield></datafield><datafield ind1=" " ind2=" " tag="533"><subfield code="a">Microfilm.</subfield><subfield code="b">[Seattle, Wash.] :</subfield><subfield code="c">Filmed by University of Washington Library.</subfield><subfield code="e">27 microfilm reels ; 35 mm.</subfield><subfield code="n">Filmed with other titles.</subfield></datafield><datafield ind1=" " ind2="0" tag="651"><subfield code="a">Monroe (Wash.)</subfield><subfield code="v">Newspapers.</subfield></datafield><datafield ind1=" " ind2="7" tag="655"><subfield code="a">Newspapers.</subfield><subfield code="2">fast</subfield><subfield code="0">(OCoLC)fst01423814</subfield></datafield><datafield ind1=" " ind2="7" tag="651"><subfield code="a">Washington (State)</subfield><subfield code="z">Monroe.</subfield><subfield code="2">fast</subfield><subfield code="0">(OCoLC)fst01225806</subfield></datafield><datafield ind1=" " ind2=" " tag="752"><subfield code="a">United States</subfield><subfield code="b">Washington</subfield><subfield code="c">Snohomish</subfield><subfield code="d">Monroe.</subfield></datafield><datafield ind1="1" ind2=" " tag="776"><subfield code="c">Original</subfield><subfield code="w">(DLC)sn 88085289</subfield><subfield code="w">(OCoLC)17362698</subfield></datafield><datafield ind1="0" ind2="0" tag="780"><subfield code="t">Monroe monitor-transcript</subfield><subfield code="w">(DLC)  2006252606</subfield><subfield code="w">(OCoLC)42344267</subfield></datafield><datafield ind1="1" ind2="5" tag="780"><subfield code="t">Duvall citizen</subfield><subfield code="w">(DLC)  2006252607</subfield><subfield code="w">(OCoLC)42338644</subfield></datafield><datafield ind1="1" ind2="7" tag="785"><subfield code="t">Valley news (Sultan, Wash.)</subfield><subfield code="w">(DLC)  2006252609</subfield><subfield code="w">(OCoLC)70667495</subfield></datafield><datafield ind1="1" ind2="7" tag="785"><subfield code="t">Monroe monitor/valley news</subfield></datafield></record>